<record><leader>00000cas a22000007a 4500</leader><controlfield tag="001">15512455</controlfield><controlfield tag="008">870410d18671870iaucr ne      0    0eng d</controlfield><datafield ind1=" " ind2=" " tag="010"><subfield code="a">sn 87058124 </subfield></datafield><datafield ind1=" " ind2=" " tag="040"><subfield code="a">INP</subfield><subfield code="b">eng</subfield><subfield code="c">INP</subfield><subfield code="d">OCLCQ</subfield></datafield><datafield ind1=" " ind2=" " tag="042"><subfield code="a">msc</subfield></datafield><datafield ind1="0" ind2="0" tag="245"><subfield code="a">Clinton semi-weekly herald.</subfield></datafield><datafield ind1="3" ind2="0" tag="246"><subfield code="a">Semi-weekly herald</subfield></datafield><datafield ind1=" " ind2=" " tag="260"><subfield code="a">Clinton, Iowa :</subfield><subfield code="b">Leslie, McAllaster &amp; Co.</subfield></datafield><datafield ind1=" " ind2=" " tag="300"><subfield code="a">v.</subfield></datafield><datafield ind1=" " ind2=" " tag="310"><subfield code="a">Semiweekly</subfield></datafield><datafield ind1="1" ind2=" " tag="362"><subfield code="a">Began between Aug. 10 and Sept. 18, 1867; ceased in 1870.</subfield></datafield><datafield ind1=" " ind2=" " tag="500"><subfield code="a">Publisher varies.</subfield></datafield><datafield ind1=" " ind2=" " tag="588"><subfield code="a">Description based on: Vol. 11, no. 38 (Sept. 18, 1867).</subfield></datafield><datafield ind1=" " ind2=" " tag="752"><subfield code="a">United States</subfield><subfield code="b">Iowa</subfield><subfield code="c">Clinton</subfield><subfield code="d">Clinton.</subfield></datafield><datafield ind1="0" ind2="0" tag="780"><subfield code="t">Clinton herald (Clinton, Iowa : 1856)</subfield><subfield code="w">(DLC)sn 84038549</subfield></datafield><datafield ind1="0" ind2="0" tag="785"><subfield code="t">Clinton weekly herald (Clinton, Iowa : 1870)</subfield><subfield code="w">(DLC)sn 84027077</subfield></datafield></record>